% Encoding: UTF-8
 



@url{jdbc,
	Author = {Object Refinery Limited},
	Date-Added = {2016-06-22 08:53:22 +0000},
	Date-Modified = {2016-06-22 09:09:33 +0000},
	Title = {JFree},
	Url = {http://www.jfree.org/jfreechart/},
	Urldate = {2016-06-21},
	Year = {2014}}

@Manual{icb,
  title         = {ICB - IPMA Competence Baseline Version 3.0},
  author        = {Gilles Caupin, Hans Knoepfel, Gerrit Koch et al.},
  organization  = {International Project Management Association},
  month         = {jun},
  year          = {2006},
  date-added    = {2016-05-13 07:59:07 +0000},
  date-modified = {2016-05-13 08:01:23 +0000},
}

@Article{vanhedde,
  author        = {Ward Van Heddeghem, Filip Idzikowski, Willem Vereecken et al.},
  title         = {Power consumption modeling in optical multilayer networks},
  journal       = {Photonic Network Communications},
  year          = {2012},
  date-added    = {2016-05-12 10:31:49 +0000},
  date-modified = {2016-05-12 10:35:39 +0000},
  publisher     = {Springer},
}

@article{vanhsheet,
	Annote = {coressponding datasheet paper to 'Power consumption modeling in optical multilayer networks'},
	Author = {Ward Van Heddeghem and Filip Idzikowski},
	Date-Modified = {2016-05-12 10:35:46 +0000},
	Journal = {Photonic Network Communications},
	Title = {Equipment power consumption in optical multilayer networks -- source data},
	Year = {2012}}

@Article{aleksic2014,
  author  = {Slavisa Aleksic},
  title   = {Green ICT for sustainability: A holistic approach},
  journal = {37th International Convention on Information and Communication Technology, Electronics and Microelectronics (MIPRO 2014)},
  year    = {2014},
}

@article{fisher,
	Author = {Will Fisher, Martin Suchara, Jennifer Rexford},
	Journal = {Green Networking 2010 - Proceedings of the first ACM SIGCOMM workshop on Green networking},
	Pages = {29-34},
	Title = {Greening Backbone Networks: Reducing Energy Consumption by Shutting Off Cables in Bundled Links},
	Year = {2010}}

@article{aleksic2013,
	Author = {Slavisa Aleksic},
	Journal = {Telecommunication Systems},
	Pages = {183-199},
	Title = {Energy-Efficient Communication Networks for Improved Global Energy Productivity},
	Volume = {54},
	Year = {2013}}

@url{fassnacht,
	Annote = {datum 1997},
	Author = {Konrad Fa{\ss}nacht (Siemens Business Services)},
	Date-Added = {2016-05-11 09:06:42 +0000},
	Date-Modified = {2016-05-11 10:09:45 +0000},
	Title = {Der deutsche Telekommunikationsmarkt},
	Url = {https://www.rz.uni-augsburg.de/info/connect/1997-02/telemarkt/},
	Urldate = {2016-04-01},
	Bdsk-Url-1 = {https://www.rz.uni-augsburg.de/info/connect/1997-02/telemarkt/}}

@url{carrier,
	Annote = {real url date 2013},
	Author = {ITWissen},
	Date-Added = {2016-05-11 08:27:12 +0000},
	Date-Modified = {2016-05-11 08:49:01 +0000},
	Lastchecked = {2016-05-02},
	Title = {NB (Netzbetreiber) - Carrier},
	Url = {http://www.itwissen.info/definition/lexikon/Netzbetreiber-carrier-NB.html},
	Urldate = {2016-05-02},
	Bdsk-Url-1 = {http://www.itwissen.info/definition/lexikon/Netzbetreiber-carrier-NB.html}}

@url{itu,
	Author = {ITU},
	Date-Added = {2016-05-11 07:58:10 +0000},
	Date-Modified = {2016-05-13 10:44:36 +0000},
	Title = {Key 2005-2015 ICT data for the world, by geographic regions and by level of development, for the following indicators},
	Url = {http://www.itu.int/en/ITU-D/Statistics/Documents/statistics/2015/ITU_Key_2005-2015_ICT_data.xls},
	Urldate = {2016-05-03},
	Bdsk-Url-1 = {http://www.itu.int/en/ITU-D/Statistics/Documents/statistics/2015/ITU_Key_2005-2015_ICT_data.xls}}

@Url{gartner,
  author        = {Christy Pettey},
  title         = {Gartner Estimates ICT Industry Accounts for 2 Percent of Global CO2 Emissions},
  bdsk-url-1    = {http://www.gartner.com/newsroom/id/503867},
  date-added    = {2016-05-11 07:55:16 +0000},
  date-modified = {2016-05-11 10:05:44 +0000},
  url           = {http://www.gartner.com/newsroom/id/503867},
  urldate       = {2016-05-03},
}

@url{gap,
	Author = {Global Action Plan},
	Date-Added = {2016-05-11 07:53:14 +0000},
	Date-Modified = {2016-05-11 10:05:14 +0000},
	Title = {An Inefficient Truth},
	Url = {https://docs.google.com/viewer?a=v&pid=sites&srcid=Z3JlZW5pY3Qub3JnLnVrfGdpY3QtbG9ufGd4OjEwZGYxNGI4NTMzYzE3MGU},
	Urldate = {2016-05-03},
	Bdsk-Url-1 = {https://docs.google.com/viewer?a=v&pid=sites&srcid=Z3JlZW5pY3Qub3JnLnVrfGdpY3QtbG9ufGd4OjEwZGYxNGI4NTMzYzE3MGU}}

@url{statista,
	Annote = {http://de.statista.com/statistik/daten/studie/167998/umfrage/weltweiter-energiemix-nach-energietraeger/},
	Author = {Statista},
	Date-Added = {2016-05-11 07:50:02 +0000},
	Date-Modified = {2016-06-22 09:08:58 +0000},
	Lastchecked = {11.05.2016},
	Title = {Verteilung der weltweiten Energieerzeugung nach Energietr{\"a}ger im Jahr 2013},
	Url = {http://de.statista.com/statistik/daten/studie/167998/umfrage/weltweiter-energiemix-nach-energietraeger/},
	Urldate = {2016-05-03},
	Bdsk-Url-1 = {http://de.statista.com/statistik/daten/studie/167998/umfrage/weltweiter-energiemix-nach-energietraeger/}}

@Article{iea2015,
  author        = {International Energy Agency},
  title         = {Key world energy statistics},
  year          = {2015},
  date-added    = {2016-05-10 11:57:54 +0000},
  date-modified = {2016-05-11 07:49:49 +0000},
  url           = {http://www.iea.org/publications/freepublications/publication/KeyWorld_Statistics_2015.pdf},
}

@TechReport{statista:weltbev,
  author      = {Population Reference Bureau},
  title       = {Zuwachs der Weltbev{\"o}lkerung, angegeben in unterschiedlichen Zeiteinheiten (Stand 2016)},
  institution = {Statista},
  year        = {2016},
  date-added  = {2016-06-10 13:56:11 +0000},
}

@Article{welt,
  author  = {Benny Hechler},
  title   = {Hinter den Zahlen: Zur KIT-Prognose der Preisentwicklung bei Strom},
  journal = {Oekoalltag.de},
  year    = {2012},
  month   = {may},
  url     = {http://www.oekoalltag.de/hinter-den-zahlen-zur-kit-prognose-der-preisentwicklung-bei-strom/},
}

@TechReport{bmwi,
  author      = {Bundesministerium für Wirtschaft und Energie},
  title       = {Europäische Energiepolitik},
  institution = {BMWi},
}

@TechReport{fraunhofer,
  author = {Berliner Fraunhofer-Institut für Zuverlässigkeit und Mikrointegration IZM and Karlsruher Fraunhofer-Institut für System- und Innovationsforschung ISI},
  title  = {Informationstechnologien verbrauchen mehr und mehr Strom – „Green IT“ kann gegensteuern"},
  year   = {2009},
  url    = {http://www.isi.fraunhofer.de/isi-de/service/presseinfos/2009/pri09-20.php},
}

@TechReport{cisco,
  author      = {Dave Evans},
  title       = {Das Internet der Dinge – So verändert die nächste Dimension des Internet die Welt},
  institution = {Cisco Systems},
  year        = {2011},
}

@Comment{jabref-meta: databaseType:bibtex;}
